<?xml version="1.0" encoding="UTF-8"?><collection xmlns="http://www.loc.gov/MARC21/slim"><record><leader>00493nam--2200169-i-4500</leader><controlfield tag="001">000014236</controlfield><controlfield tag="002">20161230</controlfield><controlfield tag="005">20170218233956</controlfield><controlfield tag="008">060222s1000------------r-----000-0-eng-d</controlfield><datafield ind1=" " ind2=" " tag="100"><subfield code="a">Borangiu, Theodor</subfield></datafield><datafield ind1=" " ind2=" " tag="245"><subfield code="a">Structuri moderne de conducere automatica a ma sinilor-unelte</subfield></datafield><datafield ind1=" " ind2=" " tag="260"><subfield code="a">Bucuresti</subfield><subfield code="b">Editura Tehnica</subfield><subfield code="c">1982</subfield></datafield><datafield ind1=" " ind2=" " tag="300"><subfield code="a">419 p</subfield></datafield><datafield ind1=" " ind2=" " tag="490"><subfield code="a">Automatica-informatica, Electronica-management</subfield></datafield><datafield ind1=" " ind2=" " tag="700"><subfield code="a">Ionescu, Florin</subfield></datafield><datafield ind1=" " ind2=" " tag="852"><subfield code="a">621.9:681.5</subfield></datafield><datafield ind1=" " ind2=" " tag="CAT"><subfield code="a">SYS</subfield><subfield code="c">20170218</subfield><subfield code="h">233956</subfield></datafield></record></collection>